@INPROCEEDINGS{Ratter2013, 
author={A. Ratter and C. Sammut and M. McGill}, 
booktitle={2013 IEEE/RSJ International Conference on Intelligent Robots and Systems}, 
title={GPU accelerated graph SLAM and occupancy voxel based ICP for encoder-free mobile robots}, 
year={2013}, 
volume={}, 
number={}, 
pages={540-547}, 
keywords={SLAM (robots);graph theory;graphics processing units;mobile robots;motion control;GPU accelerated graph SLAM;GPU based algorithm;computational resources;encoder free mobile robots;iterative closest point position tracking;learning;motion encoders;occupancy voxel based ICP;robot motion;Histograms;Instruction sets;Iterative closest point algorithm;Lasers;Simultaneous localization and mapping;Tracking loops}, 
doi={10.1109/IROS.2013.6696404}, 
ISSN={2153-0858}, 
month={Nov},}

@article{Mingas2012,
title = "An FPGA implementation of the SMG-SLAM algorithm",
journal = "Microprocessors and Microsystems",
volume = "36",
number = "3",
pages = "190 - 204",
year = "2012",
issn = "0141-9331",
doi = "https://doi.org/10.1016/j.micpro.2011.12.002",
url = "http://www.sciencedirect.com/science/article/pii/S0141933111001244",
author = "Grigorios Mingas and Emmanouil Tsardoulias and Loukas Petrou",
keywords = "Field programmable gate array, Simultaneous localization and mapping, Genetic algorithm, Scan-matching, Co-design"
}

@INPROCEEDINGS{Dine2015, 
author={A. Dine and A. Elouardi and B. Vincke and S. Bouaziz}, 
booktitle={2015 IEEE International Conference on Robotics and Automation (ICRA)}, 
title={Graph-based SLAM embedded implementation on low-cost architectures: A practical approach}, 
year={2015}, 
volume={}, 
number={}, 
pages={4612-4619}, 
keywords={SLAM (robots);control engineering computing;embedded systems;graph theory;least squares approximations;mobile robots;multi-threading;multimedia computing;multiprocessing systems;3D graph-based SLAM method;OMAP embedded architecture;Schur complement;computational performances;data structure optimization;low-cost architectures;memory access management;multi-threading;multicore architecture;nonlinear least squares problem;open multimedia applications platform;simultaneous localization and mapping method;temporal analysis;Data structures;Optimization;Simultaneous localization and mapping;Symmetric matrices;Algorithmic analysis;Embedded systems;Graph-based SLAM;OMAP architecture}, 
doi={10.1109/ICRA.2015.7139838}, 
ISSN={1050-4729}, 
month={May},}

@INPROCEEDINGS{Konomura2016, 
author={R. Konomura and K. Hori}, 
booktitle={2016 IEEE/RSJ International Conference on Intelligent Robots and Systems (IROS)}, 
title={FPGA-based 6-DoF pose estimation with a monocular camera using non co-planer marker and application on micro quadcopter}, 
year={2016}, 
volume={}, 
number={}, 
pages={4250-4257}, 
keywords={autonomous aerial vehicles;cameras;field programmable gate arrays;helicopters;microprocessor chips;microrobots;pose estimation;6-DoF space;CPU core;FPGA-based 6-DoF pose estimation;MAV;camera input;coplanar markers;field programmable gate array;microquadcopter;monocular camera;noncoplaner marker;numerical simulations;on-board autonomous flight control;palm-sized quadcopter;robotics applications;self-localization;three-axis gyro sensor;unmanned aerial vehicles;Accelerometers;Cameras;Field programmable gate arrays;Pose estimation;Robot vision systems}, 
doi={10.1109/IROS.2016.7759626}, 
ISSN={}, 
month={Oct},}

@INPROCEEDINGS{Spampinato2011, 
author={G. Spampinato and J. Lidholm and C. Ahlberg and F. Ekstrand and M. Ekström and L. Asplund}, 
booktitle={2011 IEEE/RSJ International Conference on Intelligent Robots and Systems}, 
title={An embedded stereo vision module for 6D pose estimation and mapping}, 
year={2011}, 
volume={}, 
number={}, 
pages={1626-1631}, 
keywords={CMOS image sensors;Kalman filters;SLAM (robots);automatic guided vehicles;distance measurement;feature extraction;field programmable gate arrays;mobile robots;pose estimation;robot vision;stereo image processing;3D mapping;6D localization;6D pose estimation;CMOS camera;EKF based visual SLAM;FPGA;autonomous navigation;embedded stereo vision module;odometry information;reconflgurable hardware;sparse feature detector;stereo image processing;visual odometry;Accuracy;Cameras;Estimation;Three dimensional displays;Uncertainty;Vehicles;Visualization},
doi={10.1109/IROS.2011.6094788}, 
ISSN={2153-0858}, 
month={Sept},}

@inproceedings{Baaij2010, 
author={C. Baaij and M. Kooijman and J. Kuper and A. Boeijink and M. Gerards}, 
booktitle={2010 13th Euromicro Conference on Digital System Design: Architectures, Methods and Tools}, 
title={C$\lambda$aSH: Structural Descriptions of Synchronous Hardware Using Haskell}, 
year={2010}, 
volume={}, 
number={}, 
pages={714-721}, 
keywords={functional programming;hardware description languages;program compilers;program interpreters;Haskell;Haskell compiler;Haskell interpreter;VHDL;functional hardware description language;functional programming language;higher order function;polymorphism;prototype CλaSH compiler;simulation code;synchronous hardware description;Hardware;Hardware design languages;Integrated circuit modeling;Multiplexing;Pattern matching;Prototypes;Radiation detectors}, 
doi={10.1109/DSD.2010.21}, 
ISSN={}, 
month={Sept},
}

@article{山本2018,
author="山本, 椋太 and 岡本, 卓也 and 本田, 晋也 and 趙, 茜 and 松本, 斗貴 and 中本, 幸一 and 酒井, 完 and 青山, 哲也 and 若林, 一敏",
title="FPGAを用いた組込みシステム向けDNNフレームワークの構想 (VLSI設計技術)",
journal="電子情報通信学会技術研究報告 = IEICE technical report : 信学技報",
ISSN="0913-5685",
publisher="電子情報通信学会",
year="2018",
month="feb",
volume="117",
number="455",
pages="169-174",
URL="https://ci.nii.ac.jp/naid/40021491220/",
DOI="",
}
@article{Grisetti2010, 
author={G. Grisetti and R. Kummerle and C. Stachniss and W. Burgard}, 
journal={IEEE Intelligent Transportation Systems Magazine}, 
title={A Tutorial on Graph-Based SLAM}, 
year={2010}, 
volume={2}, 
number={4}, 
pages={31-43}, 
keywords={SLAM (robots);mobile robots;path planning;graph based SLAM;least square error minimization;mobile robot;navigation;simultaneous localization and mapping;spatial configuration;Global Positioning System;Graph theory;Mapping;Mobile robots;Tutorials}, 
doi={10.1109/MITS.2010.939925}, 
ISSN={1939-1390}, 
month={winter}
}

@inproceedings{Thomas2016,
author    = {Thomas Kluyver and Benjamin Ragan{-}Kelley and Fernando P{\'{e}}rez and
Brian E. Granger and Matthias Bussonnier and Jonathan Frederic and Kyle Kelley and
Jessica B. Hamrick and Jason Grout and Sylvain Corlay and Paul Ivanov and
Dami{\'{a}}n Avila and Safia Abdalla and Carol Willing and Jupyter Development Team},
title     = {Jupyter Notebooks - a publishing format for reproducible computational
workflows},
booktitle = "Proceedings of the 20th International Conference on Electronic Publishing",
pages     = {87-90},
year      = {2016},
url       = {https://doi.org/10.3233/978-1-61499-649-1-87},
doi       = {10.3233/978-1-61499-649-1-87},
biburl    = {http://dblp.org/rec/bib/conf/elpub/KluyverRPGBFKHG16},
}

@article{間辺2013,
author="間辺広樹 and 兼宗進 and 並木美太郎",
title="CSアンプラグドのアルゴリズム学習における教具による理解度への影響",
journal="情報処理学会論文誌",
publisher="情報処理学会",
year="2013",
month="jan",
volume="54",
number="1",
pages="14-23",
URL="http://ci.nii.ac.jp/naid/110009511418/",
DOI="",
}

@inproceedings{新開1995,
author="新開純子 and 大森克史",
title="アルゴリズムアニメーションと情報処理教育",
booktitle="電子情報通信学会技術研究報告(教育工学)",
year="1995",
month="sep",
volume="95",
number="260",
pages="43-50",
URL="http://ci.nii.ac.jp/naid/110003192364/",
}

@misc{ubuntu,
author = "{Canonical Ltd}",
title = "{The leading operating system for PCs, IoT devices, servers and the cloud | Ubuntu}",
howpublished = "https://www.ubuntu.com",
note = "(last visit: Dec. 14th, 2017)"
}

@misc{raspbian,
author = "{Raspberry Pi Foundation}",
title = "{Download Raspbian for Raspberry Pi}",
howpublished = "https://www.raspberrypi.org/downloads/raspbian/",
note = "(last visit: Dec. 14th, 2017)"
}

@misc{raspberrypifoundation,
author = "{Raspberry Pi Foundation}",
title = "{Raspberry Pi Foundation - About Us}",
howpublished = "https://www.raspberrypi.org/about/",
year = "(last visit: Dec. 14th, 2017)"
}

@misc{raspberrypi3,
author = "{Raspberry Pi Foundation}",
title = "{Raspberry Pi 3 Model B - Raspberry Pi}",
howpublished = "https://www.raspberrypi.org/products/raspberry-pi-3-model-b/",
year = "(last visit: Dec. 14th, 2017)"
}

@BOOK{上田2017日経, 
title={Raspberry Piで学ぶ ROSロボット入門},
author={上田 隆一},
publisher={日経BP社},
year={2017},
month={3},
isbn={9784822239299},
url={http://amazon.co.jp/o/ASIN/4822239292/},
}

@misc{rt:raspimouse,
author = "{RT Corporation}",
title = "{Raspberry Pi Mouse | RT MicroMouse}",
howpublished = "http://products.rt-net.jp/micromouse/raspberry-pi-mouse",
year ="(last visit: Dec. 14th, 2017)"
}

@misc{rt,
author = "{RT Corporation}",
title = "{RT Corporation}",
howpublished = "http://rt-net.jp",
year="(last visit: Dec. 14th, 2017)"
}

@article{阿部2003,
author = "阿部哲也",
title = "アルゴリズム教育のための教材開発",
journal = "日本教育工学会論文誌",
year  = "2003",
volume = "27",
pages = "45-48",
}


@BOOK{八谷2016,
title={強くなるロボティック・ゲームプレイヤーの作り方 プレミアムブックス版 〜実践で学ぶ強化学習〜},
author={八谷 大岳 and 杉山 将},
publisher={マイナビ出版},
year={2016},
month={6},
edition={プレミアムブック},
isbn={9784839956738},
url={http://amazon.co.jp/o/ASIN/4839956731/},
}

@BOOK{森谷2016,
title={Python3ではじめるシステムトレード ──環境構築と売買戦略 (Modern alchemists series)},
author={森谷博之},
publisher={パンローリング},
year={2016},
month={11},
isbn={9784775991473},
url={http://amazon.co.jp/o/ASIN/4775991477/},
}

@BOOK{池内2017,
title={PythonユーザのためのJupyter[実践]入門},
author={池内 孝啓 and 片柳 薫子 and 岩尾 エマ はるか and @driller},
publisher={技術評論社},
year={2017},
month={9},
isbn={9784774192239},
url={http://amazon.co.jp/o/ASIN/4774192236/},
}

@BOOK{アンドレアス2017, 
title={Pythonではじめる機械学習 - scikit-learnで学ぶ特徴量エンジニアリングと機械学習の基礎},
author={アンドレアス・C. ミュラー and サラ グイド（著） and 中田 秀基（訳）},
publisher={オライリージャパン},
year={2017},
month={5},
isbn={9784873117980},
url={http://amazon.co.jp/o/ASIN/4873117984/},
totalpages={392},
}

@BOOK{フィリップ2014, 
title={エンジニアのためのフィードバック制御入門},
author={フィリップ・K．ジャナート（著） and 野原 勉 and 星 義克 and 米元 謙介（訳）},
publisher={オライリージャパン},
year={2014},
month={7},
isbn={9784873116846},
url={http://amazon.co.jp/o/ASIN/4873116848/},
totalpages={344},
}

@article{杉浦2008,
author = "杉浦 学 and 松澤 芳昭 and 岡田 健 and 大岩 元",
title = "アルゴリズム構築能力育成の導入教育：実作業による概念理解に基づくアルゴリズム構築体験とその効果",
journal = "情報処理学会論文誌",
year  = "2008",
volume = "49",
number = "10",
pages = "3409--3427",
month = "oct"
}

@misc{jupyter,
author = "{Project Jupyter}",
title = "{Project Jupyter | Home}",
howpublished = "http://jupyter.org",
year="(last visit: July 18th, 2017)"
}

@misc{ros:amcl,
author = "{Open Source Robotics Foundation}",
title = "{amcl - ROS Wiki}",
howpublished = "http://wiki.ros.org/amcl",
year = "(last visit: July 18th, 2017)"
}

@misc{roswiki,
author = "Open Source Robotics Foundation",
title = "ROS.org",
howpublished = "http://www.ros.org",
year = "(last visit May 23rd, 2016)"
}

@misc{github:ryuichiueda/probrobo_practice,
author = "GitHub@ryuichiueda",
title = "{GitHub:ryuichiueda/probrobo\_practice}",
howpublished = "https://github.com/ryuichiueda/probrobo_practice",
year ="(last visit: July 18th, 2017)"
}

@misc{github,
author = "{GitHub, Inc.}",
title = "{GitHub}",
howpublished = "https://github.com",
year ="(last visit: July 18th, 2017)"
}

@book{キャメロン2017,
author = "キャメロン・デビッドソン=ピロン（著） and 玉木徹（訳）",
title = "{Pythonで体験するベイズ推論 PyMCによるMCMC入門}",
publisher = "森北出版",
year = 2017
}

@book{斎藤2016,
author = "斎藤 康毅",
title = "{ゼロから作るDeep Learning ―Pythonで学ぶディープラーニングの理論と実装}",
publisher = "オライリージャパン",
year = 2016
}

@book{上田2007毎日,
author = "セバスチャン スラン and ウルフラム バーガード and ディーター フォックス（著） and 上田 隆一（訳）",
title = "確率ロボティクス",
publisher = "毎日コミュニケーションズ",
year = "2007"
}

@article{上田2011,
author = "{\noop{うえだ}}上田 隆一",
title = "確率ロボティクスの展望",
journal = "日本ロボット学会誌",
volume = 29,
number = 5,
pages ="404-407",
year = "2011"
}

@book{joseph2015,
author = "Lentin Joseph",
title = "{Mastering Ros for Robotics Programming}",
publisher = "Packt Publishing",
year = 2015
}

@article{grisetti2007,
author = "Giorgio Grisetti and Cyrill Stachniss and Wolfram Burgard",
title = "{Improved Techniques for Grid Mapping with Rao-Blackwellized Particle Filters}",
journal = "IEEE Transactions on Robotics",
pages = "34-46",
volume = 23,
number = 1,
year = 2007
}

@inproceedings{gutmann2002,
author = "Jens-Steffen Gutmann and Dieter Fox",
title = "{An Experimental Comparison of Localization Methods Continued}",
booktitle = "Proc. of the IEEE/RSJ International Conference on Intelligent Robots and Systems (IROS)",
pages = "454-459",
year = "2002"
}

@article{kalman1960,
author = "Kalman, R.E.",
title = "{A new approach to linear filtering and prediction problems}",
journal = "Trans. ASME, Journal of Basic Engineering",
volume = 82,
pages = "35-45",
year=1960
}

@inproceedings{fox1999,
author = "Dieter Fox and Wolfram Burgard and Frank Dellaert and Sebastian Thrun",
title = "{Monte Carlo Localization: Efficient Position Estimation for Mobile Robots}",
booktitle = "Proc. of AAAI-99",
pages = "343-349",
year = "1999"
}
