@Misc{blog1,
	author = {上田 隆一},
	title = {「Raspberry Piで学ぶ ROSロボット入門」という本を書きました},
	note = "\url{https://blog.ueda.asia/?p=9376}",
}

@Misc{raspimouse_hp,
	author = {RT Corp.},
	title = {{R}aspberry {P}i {M}ouse | {RT} {M}icro{M}ouse},
	note = {last visit May 9th, 2017},
	howpublished = {\url{http://products.rt-net.jp/micromouse/raspberry-pi-mouse}},
}

@book{bib1,
	author = "上田 隆一",
	title = "Raspberry Piで学ぶ ROSロボット入門",
	publisher = "日経BP社",
	year = "2017" 
}

@inproceedings{ueda2016ias, author = "Ryuichi Ueda and Kotaro Mizuta and Hiroshi Yamakawa and Hiroyuki Okada",
	title = "{Particle Filter on Episode for Learning Decision Making Rule}",
	booktitle = "{Proc. of The 14th International Conference on Intelligent Autonomous Systems (IAS-14)}",
	address = "Shanghai, China",
	year = 2016
}

@article{milford2008,
	author = "Michael J. Milford and Gordon F. Wyeth",
	title = "{Mapping a Suburb With a Single Camera Using a Biologically Inspired SLAM System}",
	journal = "{IEEE Transaction on Robotics and Automation}",
	volume = 24,
	number = 5,
	pages = "1038-1053",
	year = 2008
}

@article{buzsaki2013,
	author = "Gy{\"o}rgy Buzs{\'a}ki and Edvard I Moser",
	title = "{Memory, navigation and theta rhythm in the hippocampal-entorhinal system}", 
	journal = "Nature Neuroscience",
	volume = 16,
	number =2,
	pages = "130-138",
	year = 2013
}

@Misc{yamada2015patent,
	type         = {特許出願},
	author       = {山田 隆章 and 細川 博史 and 蓮井 亮介},
	title        = {パラメータ調整装置、パラメータ調整方法およびパラメータ調整プログラム},
	howpublished = {特開2015-84155},
	month        = {April},
	year         = {2015},
	note         = {特願2015-84155, April 2015}
}

@inproceedings{中川2015,
	author = {中川 友紀子 and 青木 政武 and 佐倉 俊佑 and 中川 範晃 and 上田 隆一},
	title = "{R}aspberry {P}i マウス ---{L}inux 環境でプログラミング可能なロボット教材の開発",
	booktitle = "SICE SI2015",
	address = "名古屋",
	year = 2015
}

@Misc{raspimousesim_hp,
	author = {RT Corp.},
	title = {{G}azeboで走る{R}as{P}i{M}ouse　その6 | {RT} {M}icro{M}ouse},
	note = {last visit May 9th, 2017},
	howpublished = {\url{http://products.rt-net.jp/micromouse/archives/3544}},
}

@article{kamezaki2015j,
	title={{HMI}における入出力ゲインの自動調整},
	author={亀崎 允啓},
	journal={日本ロボット学会誌},
	volume={33},
	number={6},
	pages={421-425},
	year={2015},
	doi={10.7210/jrsj.33.421}
}

@book{2016これからの強化学習,
	title={これからの強化学習},
	author={牧野 貴樹 and 澁谷 長史 and 白川 真一},
	isbn={9784627880313},
	year={2016},
	publisher={森北出版}
}

